
@book{magallanes_reyes_introducing_2017,
	address = {Cambridge, United Kingdom New York, USA Port Melbourne, Australia Delhi, India Singapore},
	title = {Introducing to data science for social and policy research: collecting to organizing data with {R} and {Python}},
	isbn = {978-1-107-54025-5 978-1-107-11741-9},
	shorttitle = {Introducing to data science for social and policy research},
	language = {eng},
	publisher = {Cambridge University Press},
	author = {Magallanes Reyes, Jose Manuel},
	year = {2017},
	note = {OCLC: 998518603}
}

@book{suo_meowmeow_2018,
	title = {{MeowMeow}},
	abstract = {12345678},
	publisher = {UW},
	author = {Suo, Sony},
	year = {2018}
}